%YAML 1.1
%TAG !u! tag:unity3d.com,2011:
--- !u!1 &467355304
GameObject:
  m_ObjectHideFlags: 0
  m_CorrespondingSourceObject: {fileID: 0}
  m_PrefabInstance: {fileID: 0}
  m_PrefabAsset: {fileID: 0}
  serializedVersion: 6
  m_Component:
  - component: {fileID: 467355305}
  - component: {fileID: 467355306}
  m_Layer: 9
  m_Name: Sprite
  m_TagString: Untagged
  m_Icon: {fileID: 0}
  m_NavMeshLayer: 0
  m_StaticEditorFlags: 0
  m_IsActive: 0
--- !u!4 &467355305
Transform:
  m_ObjectHideFlags: 0
  m_CorrespondingSourceObject: {fileID: 0}
  m_PrefabInstance: {fileID: 0}
  m_PrefabAsset: {fileID: 0}
  m_GameObject: {fileID: 467355304}
  m_LocalRotation: {x: 0, y: 0, z: 0, w: 1}
  m_LocalPosition: {x: 0, y: 0, z: 0}
  m_LocalScale: {x: 1, y: 1, z: 1}
  m_Children: []
  m_Father: {fileID: 5574037344689902627}
  m_RootOrder: 1
  m_LocalEulerAnglesHint: {x: 0, y: 0, z: 0}
--- !u!212 &467355306
SpriteRenderer:
  m_ObjectHideFlags: 0
  m_CorrespondingSourceObject: {fileID: 0}
  m_PrefabInstance: {fileID: 0}
  m_PrefabAsset: {fileID: 0}
  m_GameObject: {fileID: 467355304}
  m_Enabled: 1
  m_CastShadows: 0
  m_ReceiveShadows: 0
  m_DynamicOccludee: 1
  m_MotionVectors: 1
  m_LightProbeUsage: 1
  m_ReflectionProbeUsage: 1
  m_RenderingLayerMask: 1
  m_RendererPriority: 0
  m_Materials:
  - {fileID: 10754, guid: 0000000000000000f000000000000000, type: 0}
  m_StaticBatchInfo:
    firstSubMesh: 0
    subMeshCount: 0
  m_StaticBatchRoot: {fileID: 0}
  m_ProbeAnchor: {fileID: 0}
  m_LightProbeVolumeOverride: {fileID: 0}
  m_ScaleInLightmap: 1
  m_PreserveUVs: 0
  m_IgnoreNormalsForChartDetection: 0
  m_ImportantGI: 0
  m_StitchLightmapSeams: 0
  m_SelectedEditorRenderState: 0
  m_MinimumChartSize: 4
  m_AutoUVMaxDistance: 0.5
  m_AutoUVMaxAngle: 89
  m_LightmapParameters: {fileID: 0}
  m_SortingLayerID: 0
  m_SortingLayer: 0
  m_SortingOrder: 0
  m_Sprite: {fileID: 21300000, guid: ff7494a6a86c7434791fc89cbc1f9c5a, type: 3}
  m_Color: {r: 1, g: 1, b: 1, a: 1}
  m_FlipX: 0
  m_FlipY: 0
  m_DrawMode: 0
  m_Size: {x: 3.43, y: 4.91}
  m_AdaptiveModeThreshold: 0.5
  m_SpriteTileMode: 0
  m_WasSpriteAssigned: 0
  m_MaskInteraction: 0
  m_SpriteSortPoint: 0
--- !u!1 &2679747477068560542
GameObject:
  m_ObjectHideFlags: 0
  m_CorrespondingSourceObject: {fileID: 0}
  m_PrefabInstance: {fileID: 0}
  m_PrefabAsset: {fileID: 0}
  serializedVersion: 6
  m_Component:
  - component: {fileID: 3924028770097390036}
  m_Layer: 9
  m_Name: GunPoint
  m_TagString: Untagged
  m_Icon: {fileID: 0}
  m_NavMeshLayer: 0
  m_StaticEditorFlags: 0
  m_IsActive: 1
--- !u!4 &3924028770097390036
Transform:
  m_ObjectHideFlags: 0
  m_CorrespondingSourceObject: {fileID: 0}
  m_PrefabInstance: {fileID: 0}
  m_PrefabAsset: {fileID: 0}
  m_GameObject: {fileID: 2679747477068560542}
  m_LocalRotation: {x: 0, y: 0, z: 0, w: 1}
  m_LocalPosition: {x: -2.66, y: 1.63, z: 0}
  m_LocalScale: {x: 1, y: 1, z: 1}
  m_Children: []
  m_Father: {fileID: 5574037344689902627}
  m_RootOrder: 0
  m_LocalEulerAnglesHint: {x: 0, y: 0, z: 0}
--- !u!1 &4938458659887674530
GameObject:
  m_ObjectHideFlags: 0
  m_CorrespondingSourceObject: {fileID: 1588815275117136710, guid: 4522c0afc450d49c1ad09a1336c10f68,
    type: 3}
  m_PrefabInstance: {fileID: 5946008178375016420}
  m_PrefabAsset: {fileID: 0}
  serializedVersion: 6
  m_Component:
  - component: {fileID: 6116977455334071286}
  - component: {fileID: 5436841429899424009}
  - component: {fileID: 4392037665306815604}
  - component: {fileID: 3680182246927442675}
  - component: {fileID: 392046581253946175}
  m_Layer: 0
  m_Name: Tower_animation
  m_TagString: Untagged
  m_Icon: {fileID: 0}
  m_NavMeshLayer: 0
  m_StaticEditorFlags: 0
  m_IsActive: 1
--- !u!4 &6116977455334071286
Transform:
  m_ObjectHideFlags: 0
  m_CorrespondingSourceObject: {fileID: 461522726417245202, guid: 4522c0afc450d49c1ad09a1336c10f68,
    type: 3}
  m_PrefabInstance: {fileID: 5946008178375016420}
  m_PrefabAsset: {fileID: 0}
  m_GameObject: {fileID: 4938458659887674530}
  m_LocalRotation: {x: 0, y: 0, z: 0, w: 1}
  m_LocalPosition: {x: -13.2, y: 7.35, z: 0}
  m_LocalScale: {x: 1, y: 1, z: 1}
  m_Children: []
  m_Father: {fileID: 5574037344689902627}
  m_RootOrder: 2
  m_LocalEulerAnglesHint: {x: 0, y: 0, z: 0}
--- !u!33 &5436841429899424009
MeshFilter:
  m_ObjectHideFlags: 0
  m_CorrespondingSourceObject: {fileID: 1871241894706810605, guid: 4522c0afc450d49c1ad09a1336c10f68,
    type: 3}
  m_PrefabInstance: {fileID: 5946008178375016420}
  m_PrefabAsset: {fileID: 0}
  m_GameObject: {fileID: 4938458659887674530}
  m_Mesh: {fileID: 0}
--- !u!23 &4392037665306815604
MeshRenderer:
  m_ObjectHideFlags: 0
  m_CorrespondingSourceObject: {fileID: 7960059649764594576, guid: 4522c0afc450d49c1ad09a1336c10f68,
    type: 3}
  m_PrefabInstance: {fileID: 5946008178375016420}
  m_PrefabAsset: {fileID: 0}
  m_GameObject: {fileID: 4938458659887674530}
  m_Enabled: 1
  m_CastShadows: 1
  m_ReceiveShadows: 1
  m_DynamicOccludee: 1
  m_MotionVectors: 1
  m_LightProbeUsage: 1
  m_ReflectionProbeUsage: 1
  m_RenderingLayerMask: 1
  m_RendererPriority: 0
  m_Materials:
  - {fileID: 2100000, guid: d58d9a5e482e8429f8d7d18a9538d94a, type: 2}
  m_StaticBatchInfo:
    firstSubMesh: 0
    subMeshCount: 0
  m_StaticBatchRoot: {fileID: 0}
  m_ProbeAnchor: {fileID: 0}
  m_LightProbeVolumeOverride: {fileID: 0}
  m_ScaleInLightmap: 1
  m_PreserveUVs: 0
  m_IgnoreNormalsForChartDetection: 0
  m_ImportantGI: 0
  m_StitchLightmapSeams: 0
  m_SelectedEditorRenderState: 3
  m_MinimumChartSize: 4
  m_AutoUVMaxDistance: 0.5
  m_AutoUVMaxAngle: 89
  m_LightmapParameters: {fileID: 0}
  m_SortingLayerID: 0
  m_SortingLayer: 0
  m_SortingOrder: 0
--- !u!114 &3680182246927442675
MonoBehaviour:
  m_ObjectHideFlags: 0
  m_CorrespondingSourceObject: {fileID: 7032041712097893655, guid: 4522c0afc450d49c1ad09a1336c10f68,
    type: 3}
  m_PrefabInstance: {fileID: 5946008178375016420}
  m_PrefabAsset: {fileID: 0}
  m_GameObject: {fileID: 4938458659887674530}
  m_Enabled: 1
  m_EditorHideFlags: 0
  m_Script: {fileID: 11500000, guid: d720f6c1045ab4d45b705672aba45e73, type: 3}
  m_Name: 
  m_EditorClassIdentifier: 
  _sortingLayer: Default
  _sortingOrder: 0
  _tint: {r: 1, g: 1, b: 1, a: 1}
  _clip: {fileID: 11400000, guid: 41f518db4eb0d464aaf834dff96c4723, type: 2}
  _sequence: stat
  _currentFrame: 0
--- !u!114 &392046581253946175
MonoBehaviour:
  m_ObjectHideFlags: 0
  m_CorrespondingSourceObject: {fileID: 6337869411823650011, guid: 4522c0afc450d49c1ad09a1336c10f68,
    type: 3}
  m_PrefabInstance: {fileID: 5946008178375016420}
  m_PrefabAsset: {fileID: 0}
  m_GameObject: {fileID: 4938458659887674530}
  m_Enabled: 1
  m_EditorHideFlags: 0
  m_Script: {fileID: 11500000, guid: 92ca98b80846d4b34b476a918b98a542, type: 3}
  m_Name: 
  m_EditorClassIdentifier: 
  _autoPlay: 1
  _useUnscaledDt: 0
  _rateScale: 1
  _groupName: 
  _playMode: 0
  _loopMode: 0
--- !u!1 &5574037344689902625
GameObject:
  m_ObjectHideFlags: 0
  m_CorrespondingSourceObject: {fileID: 0}
  m_PrefabInstance: {fileID: 0}
  m_PrefabAsset: {fileID: 0}
  serializedVersion: 6
  m_Component:
  - component: {fileID: 5574037344689902627}
  - component: {fileID: 1882744787329640558}
  - component: {fileID: 5574037344689902628}
  - component: {fileID: 8772011740280607176}
  - component: {fileID: 3377439153346623898}
  - component: {fileID: 7227008951907514772}
  - component: {fileID: 6365128401432160920}
  m_Layer: 9
  m_Name: Tower
  m_TagString: Tower
  m_Icon: {fileID: 0}
  m_NavMeshLayer: 0
  m_StaticEditorFlags: 4294967295
  m_IsActive: 1
--- !u!4 &5574037344689902627
Transform:
  m_ObjectHideFlags: 0
  m_CorrespondingSourceObject: {fileID: 0}
  m_PrefabInstance: {fileID: 0}
  m_PrefabAsset: {fileID: 0}
  m_GameObject: {fileID: 5574037344689902625}
  m_LocalRotation: {x: 0, y: 0, z: 0, w: 1}
  m_LocalPosition: {x: 18.24, y: 11.31, z: 0}
  m_LocalScale: {x: 1, y: 1, z: 1}
  m_Children:
  - {fileID: 3924028770097390036}
  - {fileID: 467355305}
  - {fileID: 6116977455334071286}
  m_Father: {fileID: 0}
  m_RootOrder: 0
  m_LocalEulerAnglesHint: {x: 0, y: 0, z: 0}
--- !u!54 &1882744787329640558
Rigidbody:
  m_ObjectHideFlags: 0
  m_CorrespondingSourceObject: {fileID: 0}
  m_PrefabInstance: {fileID: 0}
  m_PrefabAsset: {fileID: 0}
  m_GameObject: {fileID: 5574037344689902625}
  serializedVersion: 2
  m_Mass: 1
  m_Drag: 0
  m_AngularDrag: 0.05
  m_UseGravity: 0
  m_IsKinematic: 0
  m_Interpolate: 0
  m_Constraints: 126
  m_CollisionDetection: 0
--- !u!114 &5574037344689902628
MonoBehaviour:
  m_ObjectHideFlags: 0
  m_CorrespondingSourceObject: {fileID: 0}
  m_PrefabInstance: {fileID: 0}
  m_PrefabAsset: {fileID: 0}
  m_GameObject: {fileID: 5574037344689902625}
  m_Enabled: 0
  m_EditorHideFlags: 0
  m_Script: {fileID: 11500000, guid: 94a77c6f84bda4d44be5d1127394518c, type: 3}
  m_Name: 
  m_EditorClassIdentifier: 
  bullet: {fileID: 858129794054383816, guid: 38cc84be4b4c54212874390ea004d098, type: 3}
  gunPoint: {fileID: 3924028770097390036}
  power: 10
  clipController: {fileID: 392046581253946175}
  clip: {fileID: 3680182246927442675}
  attackClips:
  - {fileID: 8300000, guid: 25729b9a6f9504215a2061cbf1b3f5a1, type: 3}
  dieClips:
  - {fileID: 8300000, guid: bfc968b2e323f4a43bdb605471ee230f, type: 3}
--- !u!136 &8772011740280607176
CapsuleCollider:
  m_ObjectHideFlags: 0
  m_CorrespondingSourceObject: {fileID: 0}
  m_PrefabInstance: {fileID: 0}
  m_PrefabAsset: {fileID: 0}
  m_GameObject: {fileID: 5574037344689902625}
  m_Material: {fileID: 0}
  m_IsTrigger: 0
  m_Enabled: 1
  m_Radius: 2.65
  m_Height: 7.765
  m_Direction: 2
  m_Center: {x: -0.16256046, y: -1.7554064, z: 0}
--- !u!114 &3377439153346623898
MonoBehaviour:
  m_ObjectHideFlags: 0
  m_CorrespondingSourceObject: {fileID: 0}
  m_PrefabInstance: {fileID: 0}
  m_PrefabAsset: {fileID: 0}
  m_GameObject: {fileID: 5574037344689902625}
  m_Enabled: 1
  m_EditorHideFlags: 0
  m_Script: {fileID: 11500000, guid: db47a364d5b44416bb6ee460e72be021, type: 3}
  m_Name: 
  m_EditorClassIdentifier: 
  sortingOrderBase: 100
  offset: -3
  zPos: 10
  itIsStatic: 1
  myRenderer: {fileID: 4392037665306815604}
  type: 0
--- !u!208 &7227008951907514772
NavMeshObstacle:
  m_ObjectHideFlags: 0
  m_CorrespondingSourceObject: {fileID: 0}
  m_PrefabInstance: {fileID: 0}
  m_PrefabAsset: {fileID: 0}
  m_GameObject: {fileID: 5574037344689902625}
  m_Enabled: 1
  serializedVersion: 3
  m_Shape: 0
  m_Extents: {x: 2.550985, y: 1.2754925, z: 2.550985}
  m_MoveThreshold: 0.1
  m_Carve: 1
  m_CarveOnlyStationary: 1
  m_Center: {x: -0.1625605, y: -2.12, z: 0}
  m_TimeToStationary: 0.5
--- !u!82 &6365128401432160920
AudioSource:
  m_ObjectHideFlags: 0
  m_CorrespondingSourceObject: {fileID: 0}
  m_PrefabInstance: {fileID: 0}
  m_PrefabAsset: {fileID: 0}
  m_GameObject: {fileID: 5574037344689902625}
  m_Enabled: 1
  serializedVersion: 4
  OutputAudioMixerGroup: {fileID: 0}
  m_audioClip: {fileID: 8300000, guid: 25729b9a6f9504215a2061cbf1b3f5a1, type: 3}
  m_PlayOnAwake: 0
  m_Volume: 1
  m_Pitch: 1
  Loop: 0
  Mute: 0
  Spatialize: 0
  SpatializePostEffects: 0
  Priority: 128
  DopplerLevel: 1
  MinDistance: 1
  MaxDistance: 500
  Pan2D: 0
  rolloffMode: 0
  BypassEffects: 0
  BypassListenerEffects: 0
  BypassReverbZones: 0
  rolloffCustomCurve:
    serializedVersion: 2
    m_Curve:
    - serializedVersion: 3
      time: 0
      value: 1
      inSlope: 0
      outSlope: 0
      tangentMode: 0
      weightedMode: 0
      inWeight: 0.33333334
      outWeight: 0.33333334
    - serializedVersion: 3
      time: 1
      value: 0
      inSlope: 0
      outSlope: 0
      tangentMode: 0
      weightedMode: 0
      inWeight: 0.33333334
      outWeight: 0.33333334
    m_PreInfinity: 2
    m_PostInfinity: 2
    m_RotationOrder: 4
  panLevelCustomCurve:
    serializedVersion: 2
    m_Curve:
    - serializedVersion: 3
      time: 0
      value: 0
      inSlope: 0
      outSlope: 0
      tangentMode: 0
      weightedMode: 0
      inWeight: 0.33333334
      outWeight: 0.33333334
    m_PreInfinity: 2
    m_PostInfinity: 2
    m_RotationOrder: 4
  spreadCustomCurve:
    serializedVersion: 2
    m_Curve:
    - serializedVersion: 3
      time: 0
      value: 0
      inSlope: 0
      outSlope: 0
      tangentMode: 0
      weightedMode: 0
      inWeight: 0.33333334
      outWeight: 0.33333334
    m_PreInfinity: 2
    m_PostInfinity: 2
    m_RotationOrder: 4
  reverbZoneMixCustomCurve:
    serializedVersion: 2
    m_Curve:
    - serializedVersion: 3
      time: 0
      value: 1
      inSlope: 0
      outSlope: 0
      tangentMode: 0
      weightedMode: 0
      inWeight: 0.33333334
      outWeight: 0.33333334
    m_PreInfinity: 2
    m_PostInfinity: 2
    m_RotationOrder: 4
--- !u!1001 &5946008178375016420
PrefabInstance:
  m_ObjectHideFlags: 0
  serializedVersion: 2
  m_Modification:
    m_TransformParent: {fileID: 5574037344689902627}
    m_Modifications:
    - target: {fileID: 6337869411823650011, guid: 4522c0afc450d49c1ad09a1336c10f68,
        type: 3}
      propertyPath: _loopMode
      value: 0
      objectReference: {fileID: 0}
    - target: {fileID: 7032041712097893655, guid: 4522c0afc450d49c1ad09a1336c10f68,
        type: 3}
      propertyPath: _sortingLayer
      value: Default
      objectReference: {fileID: 0}
    - target: {fileID: 7960059649764594576, guid: 4522c0afc450d49c1ad09a1336c10f68,
        type: 3}
      propertyPath: m_Materials.Array.data[0]
      value: 
      objectReference: {fileID: 2100000, guid: d58d9a5e482e8429f8d7d18a9538d94a, type: 2}
    - target: {fileID: 461522726417245202, guid: 4522c0afc450d49c1ad09a1336c10f68,
        type: 3}
      propertyPath: m_LocalPosition.x
      value: -13.2
      objectReference: {fileID: 0}
    - target: {fileID: 461522726417245202, guid: 4522c0afc450d49c1ad09a1336c10f68,
        type: 3}
      propertyPath: m_LocalPosition.y
      value: 7.35
      objectReference: {fileID: 0}
    - target: {fileID: 461522726417245202, guid: 4522c0afc450d49c1ad09a1336c10f68,
        type: 3}
      propertyPath: m_LocalPosition.z
      value: 0
      objectReference: {fileID: 0}
    - target: {fileID: 461522726417245202, guid: 4522c0afc450d49c1ad09a1336c10f68,
        type: 3}
      propertyPath: m_LocalRotation.x
      value: 0
      objectReference: {fileID: 0}
    - target: {fileID: 461522726417245202, guid: 4522c0afc450d49c1ad09a1336c10f68,
        type: 3}
      propertyPath: m_LocalRotation.y
      value: 0
      objectReference: {fileID: 0}
    - target: {fileID: 461522726417245202, guid: 4522c0afc450d49c1ad09a1336c10f68,
        type: 3}
      propertyPath: m_LocalRotation.z
      value: 0
      objectReference: {fileID: 0}
    - target: {fileID: 461522726417245202, guid: 4522c0afc450d49c1ad09a1336c10f68,
        type: 3}
      propertyPath: m_LocalRotation.w
      value: 1
      objectReference: {fileID: 0}
    - target: {fileID: 461522726417245202, guid: 4522c0afc450d49c1ad09a1336c10f68,
        type: 3}
      propertyPath: m_RootOrder
      value: 2
      objectReference: {fileID: 0}
    - target: {fileID: 461522726417245202, guid: 4522c0afc450d49c1ad09a1336c10f68,
        type: 3}
      propertyPath: m_LocalEulerAnglesHint.x
      value: 0
      objectReference: {fileID: 0}
    - target: {fileID: 461522726417245202, guid: 4522c0afc450d49c1ad09a1336c10f68,
        type: 3}
      propertyPath: m_LocalEulerAnglesHint.y
      value: 0
      objectReference: {fileID: 0}
    - target: {fileID: 461522726417245202, guid: 4522c0afc450d49c1ad09a1336c10f68,
        type: 3}
      propertyPath: m_LocalEulerAnglesHint.z
      value: 0
      objectReference: {fileID: 0}
    - target: {fileID: 1588815275117136710, guid: 4522c0afc450d49c1ad09a1336c10f68,
        type: 3}
      propertyPath: m_Name
      value: Tower_animation
      objectReference: {fileID: 0}
    - target: {fileID: 1871241894706810605, guid: 4522c0afc450d49c1ad09a1336c10f68,
        type: 3}
      propertyPath: m_Mesh
      value: 
      objectReference: {fileID: 0}
    m_RemovedComponents: []
  m_SourcePrefab: {fileID: 100100000, guid: 4522c0afc450d49c1ad09a1336c10f68, type: 3}
